@article{remivg,
    AUTHOR = {R{\'e}mond, Ga{\"e}l},
     TITLE = {In\'egalit\'e de {V}ojta g\'en\'eralis\'ee},
   JOURNAL = {Bull. Soc. Math. France},
  FJOURNAL = {Bulletin de la Soci\'et\'e Math\'ematique de France},
    VOLUME = {133},
      YEAR = {2005},
    NUMBER = {4},
     PAGES = {459--495},
      ISSN = {0037-9484},
     CODEN = {BSMFAA},
   MRCLASS = {11G50 (11G35 14G25)},
  MRNUMBER = {MR2233693 (2007e:11073)},
MRREVIEWER = {Bjorn Poonen},
}

@article{remivds,
    AUTHOR = {R{\'e}mond, Ga{\"e}l},
     TITLE = {In\'egalit\'e de {V}ojta en dimension sup\'erieure},
   JOURNAL = {Ann. Scuola Norm. Sup. Pisa Cl. Sci. (4)},
  FJOURNAL = {Annali della Scuola Normale Superiore di Pisa. Classe di
              Scienze. Serie IV},
    VOLUME = {29},
      YEAR = {2000},
    NUMBER = {1},
     PAGES = {101--151},
      ISSN = {0391-173X},
     CODEN = {PSNAAI},
   MRCLASS = {11J95 (11G10 11G50 14G05 14K15)},
  MRNUMBER = {MR1765539 (2001g:11123)},
MRREVIEWER = {Carlo Gasbarri},
}

@article{remdcl,
    AUTHOR = {R{\'e}mond, Ga{\"e}l},
     TITLE = {D\'ecompte dans une conjecture de {L}ang},
   JOURNAL = {Invent. Math.},
  FJOURNAL = {Inventiones Mathematicae},
    VOLUME = {142},
      YEAR = {2000},
    NUMBER = {3},
     PAGES = {513--545},
      ISSN = {0020-9910},
     CODEN = {INVMBH},
   MRCLASS = {14K15 (11G10 14G05)},
  MRNUMBER = {MR1804159 (2002f:14058)},
MRREVIEWER = {Klaus K{\"u}nnemann},
}

@article{falda,
    AUTHOR = {Faltings, Gerd},
     TITLE = {Diophantine approximation on abelian varieties},
   JOURNAL = {Ann. of Math. (2)},
  FJOURNAL = {Annals of Mathematics. Second Series},
    VOLUME = {133},
      YEAR = {1991},
    NUMBER = {3},
     PAGES = {549--576},
      ISSN = {0003-486X},
     CODEN = {ANMAAH},
   MRCLASS = {11G10 (11J99)},
  MRNUMBER = {MR1109353 (93d:11066)},
MRREVIEWER = {Joseph H. Silverman},
}

@thesis{farhith,
    author      = {Farhi},
    title       = {Approximations diophantiennes sur les groupes alg{\'e}briques
        commutatifs},
    year        = {2003},
    type        = {Th{\`e}se de doctorat},
    institution = {Universit{\'e} Pierre et Marie Curie},
}

@thesis{jadotth,
    author      = {Jadot, Christian},
    title       = {Crit{\`e}res pour l'ind{\'e}pendance lin{\'e}aire et alg{\'e}brique},
    year        = {1996},
    type        = {Th{\`e}se de doctorat},
    institution = {Universit{\'e} Pierre et Marie Curie},
}

@collection{nespphlnm,
    editor      = {Philipon, Patrice and Nesterenko, Youri},
    title       = {Introduction to algebraic independance theory},
    year        = {2001},
    series      = {LNM},
    number      = {1752},
    publisher   = {Springer},
}

@incollection{remgdmp,
    author      = {R{\'e}mond, Ga{\"e}l},
    title       = {G{\'e}om{\'e}trie diophantienne multiprojective},
    editor      = {Philipon, Patrice and Nesterenko, Youri},
    booktitle   = {Introduction to algebraic independance theory
        \cite{nespphlnm}},
}
    
@incollection{pphdg,
    author      = {Philippon, Patrice},
    title       = {Diophantine geometry},
    editor      = {Philipon, Patrice and Nesterenko, Youri},
    booktitle   = {Introduction to algebraic independance theory
        \cite{nespphlnm}},
    year        = {2001},
}

@article{daphiminvaii,
    AUTHOR = {David, Sinnou and Philippon, Patrice},
     TITLE = {Minorations des hauteurs normalis\'ees des sous-vari\'et\'es
              de vari\'et\'es abeliennes. {II}},
   JOURNAL = {Comment. Math. Helv.},
  FJOURNAL = {Commentarii Mathematici Helvetici},
    VOLUME = {77},
      YEAR = {2002},
    NUMBER = {4},
     PAGES = {639--700},
      ISSN = {0010-2571},
     CODEN = {COMHAX},
   MRCLASS = {11G50 (11G10 11J95 14G40)},
  MRNUMBER = {MR1949109 (2004a:11055)},
MRREVIEWER = {Timothy D. Browning},
}
